<mx:record xmlns:v="http://viaf.org/viaf/terms#" xmlns:srw="http://www.loc.gov/zing/srw/"
           xmlns:mx="http://www.loc.gov/MARC21/slim">
   <mx:leader>00000nz##a22.....n..4500</mx:leader>
   <mx:controlfield tag="001">viaf37305086</mx:controlfield>
   <mx:controlfield tag="003">OCoLC</mx:controlfield>
   <mx:controlfield tag="008">160530n||azznnabbn##########|a#aaa####|#</mx:controlfield>
   <mx:datafield tag="024" ind1="7" ind2=" ">
      <mx:subfield code="a">http://viaf.org/viaf/37305086</mx:subfield>
      <mx:subfield code="2">uri</mx:subfield>
   </mx:datafield>
   <mx:datafield tag="040" ind1=" " ind2=" ">
      <mx:subfield code="a">VIAF</mx:subfield>
      <mx:subfield code="c">VIAF</mx:subfield>
   </mx:datafield>
   <mx:datafield ind1="0" ind2=" " tag="100">
      <mx:subfield code="a">Titius Aristo</mx:subfield>
      <mx:subfield code="0">(WKP)Q23639499</mx:subfield>
   </mx:datafield>
   <mx:datafield ind1="0" ind2=" " tag="700">
      <mx:subfield code="a">Titius</mx:subfield>
      <mx:subfield code="c">Aristo</mx:subfield>
      <mx:subfield code="d">1./2. Jh.</mx:subfield>
      <mx:subfield code="0">(DNB)102408629</mx:subfield>
   </mx:datafield>
   <mx:datafield ind1="1" ind2=" " tag="400">
      <mx:subfield code="a">Aristo, Titius</mx:subfield>
      <mx:subfield code="d">1./2. Jh.</mx:subfield>
      <mx:subfield code="2">DNB</mx:subfield>
   </mx:datafield>
   <mx:datafield ind1="0" ind2=" " tag="400">
      <mx:subfield code="a">Titius</mx:subfield>
      <mx:subfield code="c">Jurist</mx:subfield>
      <mx:subfield code="d">1./2. Jh.</mx:subfield>
      <mx:subfield code="2">DNB</mx:subfield>
   </mx:datafield>
   <mx:datafield tag="856" ind1="4" ind2="0">
      <mx:subfield code="u">http://viaf.org/viaf/37305086</mx:subfield>
   </mx:datafield>
   <mx:datafield tag="856" ind1="4" ind2="0">
      <mx:subfield code="u">https://de.wikipedia.org/wiki/Titius_Aristo</mx:subfield>
   </mx:datafield>
</mx:record>